

@INPROCEEDINGS{Electro-hydraulic_actuator , 
	author={M. A. Avila and A. G. Loukianov and E. N. Sanchez}, 
	booktitle={Proceedings of the 2004 American Control Conference}, 
	title={Electro-hydraulic actuator trajectory tracking}, 
	year={2004}, 
	volume={3}, 
	pages={2603-2608 vol.3}, 
	keywords={control nonlinearities;control system synthesis;electrohydraulic control equipment;position control;variable structure systems;block control;chaotic reference trajectory;electrohydraulic actuator;integral control techniques;sliding mode control;trajectory tracking}, 
	ISSN={0743-1619}, 
	month={June},}


@book{DistributedConsensusinMulti,
	author = {Ren, Wei and Beard, Randal W.},
	title = {Distributed Consensus in Multi-vehicle Cooperative Control: Theory and Applications},
	year = {2007},
	isbn = {1848000146, 9781848000148},
	edition = {1st},
	publisher = {Springer Publishing Company, Incorporated},
} 


@INPROCEEDINGS{Olfati-saber07consensusand,
	author = {Reza Olfati-saber and J. Alex Fax and Richard M. Murray},
	title = {Consensus and cooperation in networked multi-agent systems},
	booktitle = {Proceedings of the IEEE},
	year = {2007},
	pages = {2007}
}

@Inbook{Ordonez2014,
	author="Ordo{\~{n}}ez, Bernardo
	and Moreno, Ubirajara F.
	and Cerqueira, J{\'e}s
	and Almeida, Luis",
	editor="Koub{\^a}a, Anis
	and Khelil, Abdelmajid",
	title="Generation of Trajectories Using Predictive Control for Tracking Consensus with Sensing and Connectivity Constraint",
	bookTitle="Cooperative Robots and Sensor Networks",
	year="2014",
	publisher="Springer Berlin Heidelberg",
	address="Berlin, Heidelberg",
	pages="19--37",
	%isbn="978-3-642-39301-3",
	%doi="10.1007/978-3-642-39301-3_2",
	%url="http://dx.doi.org/10.1007/978-3-642-39301-3_2"
}

@article {Decentralized_adaptive_scheduling,
	author = {Moore, Kevin L. and Lucarelli, Dennis},
	title = {Decentralized adaptive scheduling using consensus variables},
	journal = {International Journal of Robust and Nonlinear Control},
	volume = {17},
	number = {10-11},
	publisher = {John Wiley & Sons, Ltd.},
	issn = {1099-1239},
	url = {http://dx.doi.org/10.1002/rnc.1143},
	doi = {10.1002/rnc.1143},
	pages = {921--940},
	keywords = {consensus variables, adaptive scheduling, decentralized control, cooperative behaviour},
	year = {2007},
}

@book{Nonlinear_Programming_zorning,
	Author = {Z\"{o}rnig, Peter},
	ISBN = {9783110315271},
	Publisher = {De Gruyter},
	Title = {Nonlinear Programming : An Introduction.},
	Year = {2014},
}

@inbook{barriermethods_epelman,
	author = {Marina A. Epelman},
	title = {Barrier Methods for Constrained Optimization},
	booktitle = {Introduction to Nonlinear Programming, lecture notes},
	date = {2012}
}


